


@article{Alabool,
title = "Cloud service evaluation method-based Multi-Criteria Decision-Making: A systematic literature review",
journal = "Journal of Systems and Software",
year = "2018",
author = "Hamzeh Alabool and Ahmad Kamil and Noreen Arshad and Deemah Alarabiat",
}

@Article{Bougrine,
    Title                  = {TOPSIS Based Multi-Criteria Reconfiguration of Manufacturing Systems Considering Operational},
    Author                 = {Amina Bougrine},
    Year                   = {2017}

}

@Article{Kroenke,
  title={	
    Aplicação do método AHP no processo de seleção de fornecedores em uma empresa de Santa Catarina},
  author={Adriana Kroenke, Andréia Dani, Dayana da Silva, Nelson Hein},
  year={2016}
}

@Electronic{Forbes,
  Title                    = {2017 State Of Cloud Adoption And Security},
  Note                     = {último acesso em 01/06/2018},
  url                      = {https://www.forbes.com/sites/louiscolumbus/2017/04/23/2017-state-of-cloud-adoption-and-security/\#52d31a8c1848},
  year                      = {2017},
  Author                    = {Louis Columbus},
  
  
  
}

@Electronic{IBM,
  Title                    = {IaaS, PaaS and SaaS – IBM Cloud service models},
  Author                   = {Javier Barabas},
  url                      = {https://www.ibm.com/cloud/learn/iaas-paas-saas},
  year                     = {2016},
  Publisher                = {IBM},
  Note                     = {último acesso em 01/06/2018},
  
  
}

@INPROCEEDINGS{Javeed, 
author={J. Kittur}, 
booktitle={2015 International Conference on Power and Advanced Control Engineering (ICPACE)}, 
title={Using the PROMETHEE and TOPSIS multi-criteria decision making methods to evaluate optimal generation}, 
year={2015}, 
volume={}, 
number={}, 
pages={80-85}, 
doi={10.1109/ICPACE.2015.7274921}, 
ISSN={}, 
month={Aug}
}


@Eletronic{Ms,
    url                  = {https://azure.microsoft.com/en-us/overview/cloud-computing-dictionary/},
    Author               = {Microsoft},
    year                 = {2017},
    Note                 = {Último acesso em:07/06/2018}

}

@article{Arese,
	author = {Marcelo Arese e Luiz Alberto Rangel e James Hall e Luiz Zotes e Noemi Bonina e Marcelo Meiriño},
	title = {Aplicação do método TOPSIS na avaliação dos critérios utilizados na seleção de docentes em uma instituição de ensino superior},
	year = {2018},
	url = {https://www.revistas.unilasalle.edu.br/index.php/conhecimento_diversidade/article/view/3906}
}

@article{SABAEI,
    title = "A Review of Multi-criteria Decision Making Methods for Enhanced Maintenance Delivery",
    year = "2015",
    author = "Davood Sabaei and John Erkoyuncu and Rajkumar Roy",
}

@book{Sanket2018,
  title={Cloud Analytics with Google Cloud Platform: An end-to-end guide to processing and analyzing big data using Google Cloud Platform},
  author={Thodge, Sanket},
  year={2018},
  publisher={Packt Publishing}
}

@article{Saurabh,
title = "A framework for ranking of cloud computing services",
year = "2013",
author = "Saurabh Kumar Garg and Steve Versteeg and Rajkumar Buyya"
}

@Article{Whaiduzzaman,
  title={Cloud service selection using multicriteria decision analysis},
  author={Md Whaiduzzaman, Abdullah Gani, Nor Badrul Anuar, Muhammad Shiraz, Mohammad Nazmul Haque, and Israat Tanzeena Haque},
  year={2014}
}

